@inproceedings{Royce:1987,
	author = {Royce, Winston W},
	title = {Managing the development of large software systems: concepts and techniques},
	booktitle = {ICSE '87: Proceedings of the 9th international conference on Software Engineering},
	year = {1987},
	isbn = {0-89791-216-0},
	pages = {328--338},
	location = {Monterey, California, United States},
	publisher = {IEEE Computer Society Press},
	address = {Los Alamitos, CA, USA},
}

@book{Beck:1999,
    author = {Beck, Kent},
    howpublished = {Paperback},
    isbn = {0-20161-641-6},
    month = {October},
    publisher = {Addison-Wesley Professional},
    title = {{Extreme Programming Explained: Embrace Change}},
    year = {1999}
}

@book{Bachelard:1994,
    author = {Bachelard, Gaston},
    howpublished = {Paperback},
    isbn = {0-8070-6473-4},
    month = {April},
    publisher = {Beacon Press},
    title = {{The Poetics of Space}},
    year = {1994}
}

@inproceedings{Hill-et-al:1992,
    address = {New York, NY, USA},
    author = {Hill, William C and Hollan, James D and Wroblewski, Dave and Mccandless, Tim},
    booktitle = {CHI '92: Proceedings of the SIGCHI conference on Human factors in computing systems},
    isbn = {0-8979-1513-5},
    pages = {3--9},
    publisher = {ACM Press},
    title = {{Edit Wear and Read Wear}},
    year = {1992}
}

@misc{Dobb:1998,
	title = {{A Conversation with Larry Wall, The creator of Perl talks about language design and Perl}},
	author = {Eugene Eric Kim},
	publisher = {Dr. Dobb's Journal},
	note = {Last visit: October 2 2009},
	year = {1998},
	month = {February},
	howpublished = {\url{http://www.ddj.com/windows/184410483}},
}

@article{Harris-Roland:2009,
	title={{A New Look at the Relationship between User Involvement in Systems Development and System Success}},
	author={Harris, Mark A and Weistroffer, H Roland},
	journal={Communications of the Association for Information Systems},
	volume={24},
	number={1},
	pages={16},
	year={2009},
}

@article{Lawrence-et-al:2002,
	title={{Influence of user participation on DSS use and decision accuracy}},
	author={Lawrence, M. and Goodwin, P. and Fildes, R.},
	journal={Omega},
	volume={30},
	number={5},
	pages={381--392},
	year={2002},
}

@article{Olson-Ives:1981,
	title={{User Involvement in System Design: An Empirical Test of Alternative Approaches}},
	author={Olson, Margrethe H and Ives, Blake},
	journal={Information & Management},
	volume={4},
	number={4},
	pages={183--196},
	year={1981},
}

@article{Cavaye:1995,
	title={User participation in system development revisited},
	author={Cavaye, Angele L M},
	journal={Information & Management},
	volume={28},
	number={5},
	pages={311-324},
	year={1995},
}

@article{Hwang-Thorn:1999,
	title={{The effect of user engagement on system success: A meta-analytical integration of research findings}},
	author={Hwang, Mark I and Thorn, Ron G},
	journal={Information & Management},
	volume={35},
	number={4},
	pages={229-236},
	year={1999},
}

@book{Barlow-Rogers:1987,
    author = {Barlow Rogers, Elizabeth},
    howpublished = {Hardcover},
    publisher = {The MIT Press},
    title = {{Rebuilding Central Park: A Management and Restoration Plan}},
    year = {1987}
}

@incollection{Myhill:2004,
    author = {Myhill, Carl},
    journal = {Computer Human Interaction},
	editor = {Masoodian, M and Jones, S and Rogers, B},
	booktitle = {6th Asia Pacific Computer-Human Interaction Conference (APCHI 2004)},
	publisher = {Springer-Verlag},
	month = {June/July},
    keywords = {consumer\_behaviour, interaction, interaction\_design},
    pages = {293--304},
    title = {{Commercial Success by Looking for Desire Lines}},
    year = {2004}
}

@article{Murphy:2008,
	title={{iSmart Ideas}},
	author={Murphy, Samantha},
	journal={Chain Store Age},
	volume={84},
	number={12},
	pages={50},
	year={2008},
}

@article{Farmer-Gruba:2006,
	language = {English},
	copyright = {Copyright 2006, The Institution of Engineering and Technology},
	title = {{Towards Model-driven End-user Development in CALL}},
	journal = {Computer Assisted Language Learning},
	author = {Farmer, Rod and Gruba, Paul},
	volume = {19},
	number = {2 \& 3},
	year = {2006},
	month = {April},
	pages = {149--91},
}

@book{Schach:1999,
	title = {{Classical and object-oriented software engineering: With UML and Java}},
	author = {Schach, Stephen R},
	publisher = {McGraw-Hill International},
	year = {1999},
}

@book{Lieberman-et-al:2006,
	title = {{End-user Development}},
	author = {Lieberman, Henry and Paternò, Fabio and Wulf, Volker},
	year = {2006},
	publisher = {Kluwer/Springer}
}

@article{Petre-Blackwell:2007,
	title = {{Children as Unwitting End-User Programmers}},
	author = {Petre, Marian and Blackwell, Alan F},
	journal = {IEEE Symposium on Visual Languages and Human-Centric Computing (VL/HCC 2007)},
	volume = {},
	number = {},
	pages = {239--242},
	year = {2007},
}

@article{Segal:2007,
	title = {{Some Problems of Professional End User Developers}},
	author = {Segal, Judith},
	journal = {IEEE Symposium on Visual Languages and Human-Centric Computing (VL/HCC 2007)},
	volume = {},
	number = {},
	pages = {111--118},
	year = {2007},
}

@inproceedings{Costabile-et-al:2008,
	language = {English},
	copyright = {Compilation and indexing terms, Copyright 2009 Elsevier Inc.},
	title = {End users as unwitting software developers},
	booktitle = {International Conference on Software Engineering},
	author = {Costabile, Maria Francesca and Mussio, Piero and Provenza, Loredana Parasiliti and Piccinno, Antonio},
	year = {2008},
	pages = {6--10},
	issn = {02705257},
	address = {Leipzig, Germany},
}

@inproceedings{Parnas-Clements:1985,
	language = {English},
	copyright = {Copyright 1985, IEE},
	title = {A rational design process: how and why to fake it},
	booktitle = {Proceedings of the International Joint Conference on Theory and Practice of Software Development (TAPSOFT)},
	author = {Parnas, David L and Clements, Paul C},
	year = {1985},
	pages = {80--100},
	address = {Berlin, West Germany},
} 

@inproceedings{Kujala-et-al:2005,
	language = {English},
	copyright = {Copyright 2006, IEE},
	title = {{The Role of User Involvement in Requirements Quality and Project Success}},
	booktitle = {Proceedings. 13th IEEE International Conference on Requirements Engineering},
	author = {Kujala, Sari and Kauppinen, Marjo and Lehtola, Laura and Kojo, Tero},
	year = {2005},
	pages = {75--84},
	address = {Los Alamitos, CA, USA},
} 

@article{Kujala:2008,
	language = {English},
	copyright = {Copyright 2009, The Institution of Engineering and Technology},
	title = {Effective user involvement in product development by improving the analysis of user needs},
	journal = {Behaviour and Information Technology},
	author = {Kujala, Sari},
	volume = {27},
	number = {6},
	year = {2008},
	month = {November},
	pages = {457--73},
	issn = {0144-929X},
	address = {UK},
} 

@article{Kujala:2003,
	language = {English},
	copyright = {Copyright 2003, IEE},
	title = {User involvement: a review of the benefits and challenges},
	journal = {Behaviour and Information Technology},
	author = {Kujala, Sari},
	volume = {22},
	number = {1},
	year = {2003},
	month = {January},
	pages = {1--16},
	issn = {0144-929X},
	address = {UK},
}

@article{Kujala:2002,
	language = {English},
	copyright = {Compilation and indexing terms, Copyright 2009 Elsevier Inc.},
	title = {{User studies: A practical approach to user involvement for gathering user needs and requirements}},
	journal = {Acta Polytechnica Scandinavica Mathematics and Computing Series},
	author = {Kujala, Sari},
	number = {116},
	year = {2002},
}

@article{Armour:2000,
	author = {Armour, Phillip G},
	title = {The five orders of ignorance},
	journal = {Association for Computing Machinery. Communications of the ACM},
	volume = {43},
	number = {10},
	year = {2000},
	issn = {0001-0782},
	pages = {17--20},
	doi = {http://doi.acm.org/10.1145/352183.352194},
	publisher = {ACM},
	address = {New York, NY, USA},
}

@incollection{Kujala-et-al:2001,
	author = {Kujala, Sari and Kauppinen, Marjo and Rekola, Sanna},
	booktitle = {Advances in Human-Computer Interaction I},
	editor = {Avouris, N. and Fakotakis, N.},
	howpublished = {Proceedings of the Panhellenic Conference with International Participation in Human-Computer Interaction PC-HCI 2001},
	pages = {45--50},
	publisher = {Typorama Publications},
	title = {{Bridging the Gap between User Needs and User Requirements}},
	year = {2001}
}

@inproceedings{Mrenak:1990,
	language = {English},
	copyright = {Copyright 1991, IEE},
	title = {Evolving concepts, or why users often don't recognize the software they asked for},
	booktitle = {Proceedings of the Seventh Washington Ada Symposium},
	author = {Mrenak, Gary},
	year = {1990},
	pages = {17--22},
	address = {New York, NY, USA},
} 

@book{Host-et-al:2006,
	title = {Att genomföra examensarbete},
	author = {Höst, Martin and Regnel, Björn and Runesson, Per},
	year = {2006},
	publisher = {Studentlitteratur}
}

@book{Lauesen:2002,
    author = {Lauesen, Soren},
    howpublished = {Paperback},
    isbn = {0-201-74570-4},
    month = {January},
    publisher = {Addison-Wesley Professional},
    title = {{Software Requirements: Styles \& Techniques}},
    year = {2002}
}

@misc{neo4j-whitepaper,
	title = {{The Neo Database – A Technology Introduction}},
	note = {Last visit: October 20 2009},
	year = {2006},
	month = {November},
	howpublished = {\url{http://dist.neo4j.org/neo-technology-introduction.pdf}},
}

@misc{neotechnology-why-neo,
	title = {{Neo Technology - Enterprise Strength Graph Database - Why Neo}},
	note = {Last visit: October 20 2009},
	howpublished = {\url{http://neotechnology.com/why-neo}},
}

@misc{neo4j,
	title = {Neo4j open source nosql graph database},
	note = {Last visit: October 20 2009},
	howpublished = {\url{http://neo4j.org/}},
}

@misc{groovy,
	title = {Groovy},
	note = {Last visit: October 20 2009},
	howpublished = {\url{http://groovy.codehaus.org/}},
}

@misc{grails,
	title = {Grails},
	note = {Last visit: October 20 2009},
	howpublished = {\url{http://grails.org/}},
}

@article{Viegas-Wattenberg:2008,
	title={{Tag Clouds and the Case for Vernacular Visualization}},
	author={Viégas, Fernanda B and Wattenberg, Martin},
	journal={Interactions},
	volume={15},
	number={4},
	pages={49},
	year={2008},
}

@incollection{Lohmann-et-al:2009,
	title={{Comparison of Tag Cloud Layouts: Task-Related Performance and Visual Exploration}},
	author={Lohmann, Steffen and Ziegler, Jürgen and Tetzlaff, Lena},
	year={2009},
	pages={392--404},
	booktitle={Human-Computer Interaction – INTERACT 2009},
	publisher={Springer},
	adress={Berlin / Heidelberg}
}

@article{Petersen-et-al:2009,
	language = {English},
	copyright = {Compilation and indexing terms, Copyright 2009 Elsevier Inc.},
	title = {The waterfall model in large-scale development},
	journal = {Lecture Notes in Business Information Processing},
	author = {Petersen, Kai and Wohlin, Claes and Baca, Dejan},
	volume = {32},
	year = {2009},
	pages = {386--400},
	issn = {18651348},
	address = {Tiergartenstrasse 17, Heidelberg, D-69121, Germany},
} 

@inproceedings{Zowghi-Paryani:2003,
	language = {English},
	copyright = {Copyright 2004, IEE},
	title = {Teaching requirements engineering through role playing: lessons learnt},
	journal = {Proceedings 11th IEEE International Requirements Engineering Conference},
	author = {Zowghi, Didar and Paryani, Suresh},
	year = {2003},
	pages = {233--41},
	address = {Los Alamitos, CA, USA},
} 

@misc{Zyl:2009,
	author = {Zyl, Jason van},
	title = {Maven 3.0},
	howpublished = {Seminar session at Øredev Developer Conference, Malmö Sweden},
	month = {November},
	year = {2009},
}